%% This BibTeX bibliography file was created using BibDesk.
%% http://bibdesk.sourceforge.net/


%% Created for Mina at 2015-07-30 14:57:08 -0400 


%% Saved with string encoding Unicode (UTF-8) 

@string{JAN = "January"}
@string{FEB = "February"}
@string{MAR = "March"}
@string{APR = "April"}
@string{MAY = "May"}
@string{JUN = "June"}
@string{JUL = "July"}
@string{AUG = "August"}
@string{SEP = "September"}
@string{OCT = "October"}
@string{NOV = "November"}
@string{DEC = "December"}

@string{NSDI = "Networked Systems Design and Implementation"}
@string{CONEXT = "ACM SIGCOMM CoNEXT Conference"}
@string{HOTSDN = "Hot Topics in Software-Defined Networks"}
@string{POPL = "ACM SIGPLAN--SIGACT Symposium on Principles of Programming Languages"}
@string{ICFP = "ACM SIGPLAN International Conference on Functional Programming"}
@string{SIGCOMM = "ACM SIGCOMM"}
@string{IEEETN = "IEEE/ACM Transactions on Networking"}
@string{SOSR = "ACM SIGCOMM Symposium on SDN Research"}
@string{ICFP = "ACM SIGPLAN International Conference on Functional Programming"}
@string{CCR = "ACM SIGCOMM Computer Communications Review"}
@string{INFOCOM = "IEEE INFOCOM"}
@string{HOTNETS = "ACM SIGCOMM Hot Topics in Networking"}

